@article{Chaudhuri201696,
title = "Impact of uncertainties in atmospheric boundary conditions on ocean model solutions ",
journal = "Ocean Modelling ",
volume = "100",
number = "",
pages = "96 - 108",
year = "2016",
note = "",
issn = "1463-5003",
doi = "http://dx.doi.org/10.1016/j.ocemod.2016.02.003",
url = "http://www.sciencedirect.com/science/article/pii/S1463500316000226",
author = "Ayan H. Chaudhuri and Rui M. Ponte and Gael Forget",
keywords = "Reanalysis",
keywords = "Atmospheric uncertainty",
keywords = "Global ocean modeling "
}

