@article {czeschelOscillatory,
author = {Czeschel, Lars and Marshall, David P. and Johnson, Helen L.},
title = {Oscillatory sensitivity of Atlantic overturning to high-latitude forcing},
journal = {Geophysical Research Letters},
volume = {37},
number = {10},
issn = {1944-8007},
url = {http://dx.doi.org/10.1029/2010GL043177},
doi = {10.1029/2010GL043177},
pages = {n/a--n/a},
keywords = {Ocean predictability and prediction, Numerical modeling, Decadal ocean variability, General circulation, AMOC variability, decadal variability},
year = {2010},
note = {L10601},
}
