@Article{forgetTurbulent,
AUTHOR = {Forget, G. and Ferreira, D. and Liang, X.},
TITLE = {On the observability of turbulent transport rates by Argo: supporting evidence from an inversion experiment},
JOURNAL = {Ocean Science},
VOLUME = {11},
YEAR = {2015},
NUMBER = {5},
PAGES = {839--853},
URL = {http://www.ocean-sci.net/11/839/2015/},
DOI = {10.5194/os-11-839-2015}
}
