@article {ggl90,
author = {Gaspar, Philippe and Gr√©goris, Yves and Lefevre, Jean-Michel},
title = {A simple eddy kinetic energy model for simulations of the oceanic vertical mixing: Tests at station Papa and long-term upper ocean study site},
journal = {Journal of Geophysical Research: Oceans},
volume = {95},
number = {C9},
issn = {2156-2202},
url = {http://dx.doi.org/10.1029/JC095iC09p16179},
doi = {10.1029/JC095iC09p16179},
pages = {16179--16193},
keywords = {Numerical modeling, Eddies and mesoscale processes, Turbulence, diffusion, and mixing processes, Currents},
year = {1990},
}
