@article{Giering:1998:RAC:293686.293695,
 author = {Giering, Ralf and Kaminski, Thomas},
 title = {Recipes for Adjoint Code Construction},
 journal = {ACM Trans. Math. Softw.},
 issue_date = {Dec. 1998},
 volume = {24},
 number = {4},
 month = dec,
 year = {1998},
 issn = {0098-3500},
 pages = {437--474},
 numpages = {38},
 url = {http://doi.acm.org/10.1145/293686.293695},
 doi = {10.1145/293686.293695},
 acmid = {293695},
 publisher = {ACM},
 address = {New York, NY, USA},
 keywords = {adjoint model, adjoint operator, automatic differentiation, computational differentiation, data assimilation, differentiation of algorithms, implicit functions, inverse modeling, optimization, reverse mode},
}