@article{giering2005,
title = "Generating efficient derivative code with TAF: Adjoint and tangent linear Euler flow around an airfoil ",
journal = "Future Generation Computer Systems ",
volume = "21",
number = "8",
pages = "1345 - 1355",
year = "2005",
note = "",
issn = "0167-739X",
doi = "http://dx.doi.org/10.1016/j.future.2004.11.003",
url = "http://www.sciencedirect.com/science/article/pii/S0167739X04001785",
author = "R. Giering and T. Kaminski and T. Slawig",
keywords = "Computational fluid dynamics",
keywords = "Adjoint",
keywords = "Hessian",
keywords = "Automatic differentiation",
keywords = "Navierâ€“Stokes",
keywords = "Shape optimisation "
}

