@article{heimbachTimescales,
title = "Timescales and regions of the sensitivity of Atlantic meridional volume and heat transport: Toward observing system design ",
journal = "Deep Sea Research Part II: Topical Studies in Oceanography ",
volume = "58",
number = "17â€“18",
pages = "1858 - 1879",
year = "2011",
note = "Climate and the Atlantic Meridional Overturning Circulation ",
issn = "0967-0645",
doi = "http://dx.doi.org/10.1016/j.dsr2.2010.10.065",
url = "http://www.sciencedirect.com/science/article/pii/S0967064511000488",
author = "Patrick Heimbach and Carl Wunsch and Rui M. Ponte and Gael Forget and Chris Hill and Jean Utke",
keywords = "Meridional overturning circulation",
keywords = "Poleward heat transport",
keywords = "Decadal variability",
keywords = "Adjoint sensitivities",
keywords = "Dual state space",
keywords = "Observing system design",
keywords = "Oceanic teleconnections "
}

