@article{heimbachEfficientAdjoint,
 author = {Heimbach, Patrick and Hill, Chris and Giering, Ralf},
 title = {An Efficient Exact Adjoint of the Parallel MIT General Circulation Model, Generated via Automatic Differentiation},
 journal = {Future Gener. Comput. Syst.},
 issue_date = {October 2005},
 volume = {21},
 number = {8},
 month = oct,
 year = {2005},
 issn = {0167-739X},
 pages = {1356--1371},
 numpages = {16},
 url = {http://dx.doi.org/10.1016/j.future.2004.11.010},
 doi = {10.1016/j.future.2004.11.010},
 acmid = {1708226},
 publisher = {Elsevier Science Publishers B. V.},
 address = {Amsterdam, The Netherlands, The Netherlands},
 keywords = {Adjoint/reverse mode of AD, Automatic differentiation, Ocean state estimation/data assimilation, Ocean/climate modeling, Parallel/high performance computing},
}
