@article{large2004,
author = {Large, W. G., and S. Yeager},
title = {Diurnal to decadal global forcing for ocean and sea-ice models: The data sets and flux climatologies},
journal = {Technical Report TN-460+STR},
year = {2004},
}


