@article {marotzke1999,
author = {Marotzke, Jochem and Giering, Ralf and Zhang, Kate Q. and Stammer, Detlef and Hill, Chris and Lee, Tong},
title = {Construction of the adjoint MIT ocean general circulation model and application to Atlantic heat transport sensitivity},
journal = {Journal of Geophysical Research: Oceans},
volume = {104},
number = {C12},
issn = {2156-2202},
url = {http://dx.doi.org/10.1029/1999JC900236},
doi = {10.1029/1999JC900236},
pages = {29529--29547},
keywords = {Climate and interannual variability, Numerical modeling, General circulation, Techniques applicable in three or more fields},
year = {1999},
}
