@article {marshallMitgcm,
author = {Marshall, John and Adcroft, Alistair and Hill, Chris and Perelman, Lev and Heisey, Curt},
title = {A finite-volume, incompressible Navier Stokes model for studies of the ocean on parallel computers},
journal = {Journal of Geophysical Research: Oceans},
volume = {102},
number = {C3},
issn = {2156-2202},
url = {http://dx.doi.org/10.1029/96JC02775},
doi = {10.1029/96JC02775},
pages = {5753--5766},
keywords = {Oceanography: General, Oceanography: General: Analytical modeling and laboratory experiments },
year = {1997},
}
