@article{mccarthyAmoc,
title = "Measuring the Atlantic Meridional Overturning Circulation at 26Â°N ",
journal = "Progress in Oceanography ",
volume = "130",
number = "",
pages = "91 - 111",
year = "2015",
note = "",
issn = "0079-6611",
doi = "http://dx.doi.org/10.1016/j.pocean.2014.10.006",
url = "http://www.sciencedirect.com/science/article/pii/S0079661114001694",
author = "G.D. McCarthy and D.A. Smeed and W.E. Johns and E. Frajka-Williams and B.I. Moat and D. Rayner and M.O. Baringer and C.S. Meinen and J. Collins and H.L. Bryden"
}

