@article {nguyenSubgrid,
author = {Nguyen, A. T. and Menemenlis, D. and Kwok, R.},
title = {Improved modeling of the Arctic halocline with a subgrid-scale brine rejection parameterization},
journal = {Journal of Geophysical Research: Oceans},
volume = {114},
number = {C11},
issn = {2156-2202},
url = {http://dx.doi.org/10.1029/2008JC005121},
doi = {10.1029/2008JC005121},
pages = {n/a--n/a},
keywords = {Numerical modeling, Upper ocean and mixed layer processes, Hydrography and tracers, Arctic region, halocline, model, brine rejection},
year = {2009},
note = {C11014},
}

