@article{Wunsch2007197,
title = "Practical global oceanic state estimation ",
journal = "Physica D: Nonlinear Phenomena ",
volume = "230",
number = "1â€“2",
pages = "197 - 208",
year = "2007",
note = "Data Assimilation ",
issn = "0167-2789",
doi = "http://dx.doi.org/10.1016/j.physd.2006.09.040",
url = "http://www.sciencedirect.com/science/article/pii/S0167278906003496",
author = "Carl Wunsch and Patrick Heimbach",
keywords = "State estimate",
keywords = "Data assimilation",
keywords = "Ocean circulation",
keywords = "Adjoint method",
keywords = "Method of Lagrange multipliers "
}

