@article{wunschLinear,
title = "Covariances and linear predictability of the Atlantic Ocean ",
journal = "Deep Sea Research Part II: Topical Studies in Oceanography ",
volume = "85",
number = "",
pages = "228 - 243",
year = "2013",
note = "Modern Physical Oceanography and Professor H.T. Rossby ",
issn = "0967-0645",
doi = "http://dx.doi.org/10.1016/j.dsr2.2012.07.015",
url = "http://www.sciencedirect.com/science/article/pii/S0967064512001014",
author = "Carl Wunsch",
keywords = "Ocean circulation",
keywords = "Meridionaloverturning",
keywords = "Extreme events",
keywords = "Prediction "
}

