@article{Wunsch2008637,
title = "How long to oceanic tracer and proxy equilibrium? ",
journal = "Quaternary Science Reviews ",
volume = "27",
number = "7â€“8",
pages = "637 - 651",
year = "2008",
note = "",
issn = "0277-3791",
doi = "http://dx.doi.org/10.1016/j.quascirev.2008.01.006",
url = "http://www.sciencedirect.com/science/article/pii/S0277379108000048",
author = "Carl Wunsch and Patrick Heimbach"
}

